<?xml version="1.0" encoding="UTF-8"?><record xmlns="http://www.loc.gov/MARC21/slim" xmlns:cinclude="http://apache.org/cocoon/include/1.0" xmlns:zs="http://www.loc.gov/zing/srw/">
  <leader>00394nz  a2200133n  4500</leader>
  <controlfield tag="001">n  94020768 </controlfield>
  <controlfield tag="003">DLC</controlfield>
  <controlfield tag="005">19940307114334.4</controlfield>
  <controlfield tag="008">940303n| acannaab|          |a aaa |||  </controlfield>
  <datafield tag="010" ind1=" " ind2=" ">
    <subfield code="a">n  94020768 </subfield>
  </datafield>
  <datafield tag="040" ind1=" " ind2=" ">
    <subfield code="a">DLC</subfield>
    <subfield code="c">DLC</subfield>
  </datafield>
  <datafield tag="100" ind1="1" ind2="0">
    <subfield code="a">Cherni︠a︡ev, Leonid.</subfield>
    <subfield code="t">V semʹe ne bez uroda</subfield>
  </datafield>
  <datafield tag="400" ind1="1" ind2="0">
    <subfield code="a">Cherni︠a︡ev, Leonid.</subfield>
    <subfield code="t">V semʹi︠e︡ ne bez uroda</subfield>
  </datafield>
  <datafield tag="670" ind1=" " ind2=" ">
    <subfield code="a">His V semʹi︠e︡ ne bez uroda, 1880.</subfield>
  </datafield>
</record>